@inproceedings{conf/IEEEpact/LarsenWA02,
  added-at = {2014-08-11T00:00:00.000+0200},
  author = {Larsen, Samuel and Witchel, Emmett and Amarasinghe, Saman P.},
  biburl = {http://www.bibsonomy.org/bibtex/2482433c8574eab5258c60020bf9ff067/dblp},
  booktitle = {IEEE PACT},
  ee = {http://doi.ieeecomputersociety.org/10.1109/PACT.2002.1105970},
  interhash = {1d2a1560b4687819ddfbf2a6202e9a21},
  intrahash = {482433c8574eab5258c60020bf9ff067},
  isbn = {0-7695-1620-3},
  keywords = {dblp},
  pages = {18-29},
  publisher = {IEEE Computer Society},
  timestamp = {2015-06-19T19:47:21.000+0200},
  title = {Increasing and Detecting Memory Address Congruence.},
  url = {http://dblp.uni-trier.de/db/conf/IEEEpact/IEEEpact2002.html#LarsenWA02},
  year = 2002
}

@inproceedings{conf/pldi/LiuZJDK12,
  added-at = {2012-06-12T00:00:00.000+0200},
  author = {Liu, Jun and Zhang, Yuanrui and Jang, Ohyoung and Ding, Wei and Kandemir, Mahmut T.},
  biburl = {http://www.bibsonomy.org/bibtex/25785ca2e5b9dd07df35a752483e6b4e7/dblp},
  booktitle = {PLDI},
  editor = {Vitek, Jan and Lin, Haibo and Tip, Frank},
  ee = {http://doi.acm.org/10.1145/2254064.2254106},
  interhash = {8fc982ea2f962ed78010bf888019a161},
  intrahash = {5785ca2e5b9dd07df35a752483e6b4e7},
  isbn = {978-1-4503-1205-9},
  keywords = {dblp},
  pages = {347-358},
  publisher = {ACM},
  timestamp = {2012-06-13T11:37:13.000+0200},
  title = {A compiler framework for extracting superword level parallelism.},
  url = {http://dblp.uni-trier.de/db/conf/pldi/pldi2012.html#LiuZJDK12},
  year = 2012
}

@inproceedings{conf/pldi/LarsenA00,
  added-at = {2012-05-21T00:00:00.000+0200},
  author = {Larsen, Samuel and Amarasinghe, Saman P.},
  biburl = {http://www.bibsonomy.org/bibtex/2536d97b8def452e31673dabe7e6ddcd3/dblp},
  booktitle = {PLDI},
  editor = {Lam, Monica S.},
  ee = {http://doi.acm.org/10.1145/349299.349320},
  interhash = {376e393296773a2796698046e0962562},
  intrahash = {536d97b8def452e31673dabe7e6ddcd3},
  isbn = {1-58113-199-2},
  keywords = {dblp},
  pages = {145-156},
  publisher = {ACM},
  timestamp = {2012-05-22T11:38:01.000+0200},
  title = {Exploiting superword level parallelism with multimedia instruction sets.},
  url = {http://dblp.uni-trier.de/db/conf/pldi/pldi2000.html#LarsenA00},
  year = 2000
}

@misc{llvm:backend,
  title = {Writing an LLVM Backend},
  howpublished = {\url{http://llvm.org/docs/WritingAnLLVMBackend.html}},
  author = {LLVM},
  year = {2016}
}
@misc{llvm:targetindependent,
  title = {The LLVM Target-Independent Code Generator},
  howpublished = {\url{http://llvm.org/docs/CodeGenerator.html}},
  author = {LLVM},
  year = {2016}
}

@misc{llvm:vectorization,
  title = {Auto-Vectorization in LLVM},
  howpublished = {\url{http://llvm.org/docs/Vectorizers.html}},
  author = {LLVM},
  year = {2016}
}

@InProceedings{LLVM:CGO04,
  author    = {Chris Lattner and Vikram Adve},
  title     = "{LLVM: A Compilation Framework for Lifelong Program Analysis \& Transformation}",
  booktitle = "{Proceedings of the 2004 International Symposium on Code Generation and Optimization (CGO'04)}",
  address   = {Palo Alto, California},
  month     = {Mar},
  year      = {2004}
}

@article{Kawahito:2002:ESE:543552.512552,
 author = {Kawahito, Motohiro and Komatsu, Hideaki and Nakatani, Toshio},
 title = {Effective Sign Extension Elimination},
 journal = {SIGPLAN Not.},
 issue_date = {May 2002},
 volume = {37},
 number = {5},
 month = may,
 year = {2002},
 issn = {0362-1340},
 pages = {187--198},
 numpages = {12},
 url = {http://doi.acm.org/10.1145/543552.512552},
 doi = {10.1145/543552.512552},
 acmid = {512552},
 publisher = {ACM},
 address = {New York, NY, USA},
 keywords = {64-bit architectures, IA-64, JIT compilers, Java, sign extension},
} 

